<?xml version="1.0" encoding="UTF-8"?><record xmlns="http://www.loc.gov/MARC21/slim" xmlns:cinclude="http://apache.org/cocoon/include/1.0" xmlns:zs="http://www.loc.gov/zing/srw/">
  <leader>00776nz  a2200121n  4500</leader>
  <controlfield tag="001">n 2013043144</controlfield>
  <controlfield tag="003">DLC</controlfield>
  <controlfield tag="005">20130715143729.0</controlfield>
  <controlfield tag="008">130715n| azannaabn          |n aaa      </controlfield>
  <datafield tag="010" ind1=" " ind2=" ">
    <subfield code="a">n 2013043144</subfield>
  </datafield>
  <datafield tag="040" ind1=" " ind2=" ">
    <subfield code="a">DLC</subfield>
    <subfield code="b">eng</subfield>
    <subfield code="c">DLC</subfield>
    <subfield code="e">rda</subfield>
  </datafield>
  <datafield tag="100" ind1="1" ind2=" ">
    <subfield code="a">Wu, Jennifer</subfield>
  </datafield>
  <datafield tag="670" ind1=" " ind2=" ">
    <subfield code="a">Her Photography night sky, 2014:</subfield>
    <subfield code="b">ECIP title page (Jennifer Wu) data view (nature and landscape photographer and night photographer; received her BA in photography from California State University, Sacramento; has been photographing for more than twenty-six years; Sacramento, California is her home base between travel adventures; she lectures, gives seminars and workshops, and leads tours to regions as varied as Namibia, Death Valley, Greenland, Montana, and Iceland; her images can be seen at www.jenniferwu.com)</subfield>
  </datafield>
</record>